<record><leader>00000cas a22000007a 4500</leader><controlfield tag="001">13512722</controlfield><controlfield tag="008">860430c18589999nyuwr ne      0    0eng d</controlfield><datafield ind1=" " ind2=" " tag="010"><subfield code="a">sn 86079144 </subfield></datafield><datafield ind1=" " ind2=" " tag="040"><subfield code="a">NPU</subfield><subfield code="b">eng</subfield><subfield code="c">NPU</subfield><subfield code="d">NYS</subfield><subfield code="d">OCL</subfield><subfield code="d">OCLCQ</subfield><subfield code="d">OCLCF</subfield><subfield code="d">OCLCO</subfield></datafield><datafield ind1=" " ind2=" " tag="042"><subfield code="a">msc</subfield></datafield><datafield ind1=" " ind2=" " tag="043"><subfield code="a">n-us-ny</subfield></datafield><datafield ind1="0" ind2="4" tag="245"><subfield code="a">The Putnam County press.</subfield></datafield><datafield ind1=" " ind2=" " tag="260"><subfield code="a">Mahopac, N.Y. :</subfield><subfield code="b">Putnam County Pub. Co.</subfield></datafield><datafield ind1=" " ind2=" " tag="300"><subfield code="a">v. :</subfield><subfield code="b">ill. ;</subfield><subfield code="c">43 cm.</subfield></datafield><datafield ind1=" " ind2=" " tag="310"><subfield code="a">Weekly</subfield></datafield><datafield ind1="1" ind2=" " tag="362"><subfield code="a">Began in 1858.</subfield><subfield code="z">Cf. Ayer, 1949.</subfield></datafield><datafield ind1=" " ind2=" " tag="500"><subfield code="a">Published on Thursday.</subfield></datafield><datafield ind1=" " ind2=" " tag="500"><subfield code="a">Editor: Charles T. Wilson, Jr., &lt;1949&gt;.</subfield></datafield><datafield ind1=" " ind2=" " tag="588"><subfield code="a">Description based on: Vol. 90, no. 12 (Aug. 11, 1949).</subfield></datafield><datafield ind1=" " ind2="0" tag="651"><subfield code="a">Mahopac (N.Y.)</subfield><subfield code="v">Newspapers.</subfield></datafield><datafield ind1=" " ind2="0" tag="651"><subfield code="a">Putnam County (N.Y.)</subfield><subfield code="v">Newspapers.</subfield></datafield><datafield ind1=" " ind2="7" tag="655"><subfield code="a">Newspapers.</subfield><subfield code="2">fast</subfield><subfield code="0">(OCoLC)fst01423814</subfield></datafield><datafield ind1=" " ind2="7" tag="651"><subfield code="a">New York (State)</subfield><subfield code="z">Mahopac.</subfield><subfield code="2">fast</subfield><subfield code="0">(OCoLC)fst01268076</subfield></datafield><datafield ind1=" " ind2="7" tag="651"><subfield code="a">New York (State)</subfield><subfield code="z">Putnam County.</subfield><subfield code="2">fast</subfield><subfield code="0">(OCoLC)fst01211409</subfield></datafield><datafield ind1=" " ind2=" " tag="752"><subfield code="a">United States</subfield><subfield code="b">New York</subfield><subfield code="c">Putnam</subfield><subfield code="d">Mahopac.</subfield></datafield><datafield ind1="0" ind2="5" tag="780"><subfield code="t">Mahopac Mercury</subfield><subfield code="w">(DLC)sn 83031560</subfield><subfield code="w">(OCoLC)10028243</subfield></datafield><datafield ind1="0" ind2="5" tag="780"><subfield code="t">Putnam Co. Republican</subfield><subfield code="w">(DLC)sn 83031237</subfield><subfield code="w">(OCoLC)9988415</subfield></datafield><datafield ind1="0" ind2="5" tag="780"><subfield code="t">Putnam County times (Carmel, N.Y.)</subfield><subfield code="w">(DLC)sn 92061861</subfield><subfield code="w">(OCoLC)26272222</subfield></datafield></record>